@article{12,
  title = {{{Development}} of {{Efficient CNN}} Model for {{Tomato}} Crop Disease Identification},
  author = {Agarwal, Mohit and Gupta, Suneet Kr. and Biswas, K.K.},
  year = {2020},
  month = dec,
  journal = {Sustainable Computing: Informatics and Systems},
  volume = {28},
  pages = {100407},
  issn = {22105379}
}

@article{19,
  title = {{{A}} Survey on Using Deep Learning Techniques for Plant Disease Diagnosis and Recommendations for Development of Appropriate Tools},
  author = {Ahmad, Aanis and Saraswat, Dharmendra and El Gamal, Aly},
  year = {2023},
  month = feb,
  journal = {Smart Agricultural Technology},
  volume = {3},
  pages = {100083},
  issn = {27723755}
}

@article{10,
  title = {{{Few-Shot Learning}} Approach for Plant Disease Classification Using Images Taken in the Field},
  author = {Arg{\"u}eso, David and Picon, Artzai and Irusta, Unai and Medela, Alfonso and {San-Emeterio}, Miguel G and Bereciartua, Arantza and {Alvarez-Gila}, Aitor},
  year = {2020},
  month = aug,
  journal = {Computers and Electronics in Agriculture},
  volume = {175},
  pages = {105542},
  issn = {01681699}
}

@article{8,
  title = {{{A}} Review on the Main Challenges in Automatic Plant Disease Identification Based on Visible Range Images},
  author = {Barbedo, Jayme Garcia Arnal},
  year = {2016},
  month = apr,
  journal = {Biosystems Engineering},
  volume = {144},
  pages = {52--60},
  issn = {15375110}
}

@article{22,
  title = {{{Factors}} Influencing the Use of Deep Learning for Plant Disease Recognition},
  author = {Barbedo, Jayme G.A.},
  year = {2018},
  month = aug,
  journal = {Biosystems Engineering},
  volume = {172},
  pages = {84--91},
  issn = {15375110}
}

@article{29,
  title = {{{Impact}} of Dataset Size and Variety on the Effectiveness of Deep Learning and Transfer Learning for Plant Disease Classification},
  author = {Barbedo, Jayme Garcia Arnal},
  year = {2018},
  month = oct,
  journal = {Computers and Electronics in Agriculture},
  volume = {153},
  pages = {46--53},
  issn = {01681699}
}

@article{25,
  title = {{{Plant}} Disease Detection Using Hybrid Model Based on Convolutional Autoencoder and Convolutional Neural Network},
  author = {Bedi, Punam and Gole, Pushkar},
  year = {2021},
  journal = {Artificial Intelligence in Agriculture},
  volume = {5},
  pages = {90--101},
  issn = {25897217}
}

@article{31,
  title = {{{Cardamom Plant Disease Detection Approach Using EfficientNetV2}}},
  author = {C. K., Sunil and C. D., Jaidhar and Patil, Nagamma},
  year = {2022},
  journal = {IEEE Access},
  volume = {10},
  pages = {789--804},
  issn = {2169-3536},
  copyright = {https://creativecommons.org/licenses/by/4.0/legalcode}
}

@article{30,
  title = {{{Image}} Pattern Classification for the Identification of Disease Causing Agents in Plants},
  author = {Camargo, A. and Smith, J.S.},
  year = {2009},
  month = may,
  journal = {Computers and Electronics in Agriculture},
  volume = {66},
  number = {2},
  pages = {121--125},
  issn = {01681699},
  copyright = {https://www.elsevier.com/tdm/userlicense/1.0/}
}

@article{23,
  title = {{{LeafGAN}}: {{An Effective Data Augmentation Method}} for {{Practical Plant Disease Diagnosis}}},
  shorttitle = {{{LeafGAN}}},
  author = {Cap, Quan Huu and Uga, Hiroyuki and Kagiwada, Satoshi and Iyatomi, Hitoshi},
  year = {2022},
  month = apr,
  journal = {IEEE Transactions on Automation Science and Engineering},
  volume = {19},
  number = {2},
  pages = {1258--1267},
  issn = {1545-5955, 1558-3783},
  copyright = {https://ieeexplore.ieee.org/Xplorehelp/downloads/license-information/IEEE.html}
}

@article{26,
  title = {{{An Overview}} of the {{Research}} on {{Plant Leaves Disease}} Detection Using {{Image Processing Techniques}}},
  author = {{Department of Computer Technology, Yeshwantrao Chavan College of Engineering, Nagpur, Maharashtra, India.} and Gavhale, Ms. Kiran R. and Gawande, Prof. Ujwalla},
  year = {2014},
  journal = {IOSR Journal of Computer Engineering},
  volume = {16},
  number = {1},
  pages = {10--16},
  issn = {22788727, 22780661}
}

@article{9,
  title = {{{Towards}} Automatic Field Plant Disease Recognition},
  author = {Gui, Penghui and Dang, Wenjie and Zhu, Feiyu and Zhao, Qijun},
  year = {2021},
  month = dec,
  journal = {Computers and Electronics in Agriculture},
  volume = {191},
  pages = {106523},
  issn = {01681699}
}

@article{13,
  title = {{{Plant Disease Identification Using}} a {{Novel Convolutional Neural Network}}},
  author = {Hassan, Sk Mahmudul and Maji, Arnab Kumar},
  year = {2022},
  journal = {IEEE Access},
  volume = {10},
  pages = {5390--5401},
  issn = {2169-3536},
  copyright = {https://creativecommons.org/licenses/by-nc-nd/4.0/}
}

@article{28,
  title = {{{Problems}}, Challenges and Future of Plant Disease Management: From an Ecological Point of View},
  shorttitle = {Problems, Challenges and Future of Plant Disease Management},
  author = {He, Dun-chun and Zhan, Jia-sui and Xie, Lian-hui},
  year = {2016},
  month = apr,
  journal = {Journal of Integrative Agriculture},
  volume = {15},
  number = {4},
  pages = {705--715},
  issn = {20953119}
}

@article{18,
  title = {{{Agricultural}} Plant Diseases Identification: {{From}} Traditional Approach to Deep Learning},
  shorttitle = {Agricultural Plant Diseases Identification},
  author = {Kotwal, Jameer and Kashyap, Dr.Ramgopal and Pathan, Dr.Shafi},
  year = {2023},
  journal = {Materials Today: Proceedings},
  volume = {80},
  pages = {344--356},
  issn = {22147853}
}

@article{14,
  title = {{{Plant Disease Detection}} and {{Classification}} by {{Deep Learning}}---{{A Review}}},
  author = {Li, Lili and Zhang, Shujuan and Wang, Bin},
  year = {2021},
  journal = {IEEE Access},
  volume = {9},
  pages = {56683--56698},
  issn = {2169-3536},
  copyright = {https://creativecommons.org/licenses/by/4.0/legalcode}
}

@article{5,
  title = {基于轻量级残差网络的植物叶片病害识别},
  author = {{李书琴} and {陈聪} and {朱彤} and {刘斌}},
  year = {2022},
  journal = {农业机械学报},
  volume = {53},
  number = {03},
  pages = {243--250},
  issn = {1000-1298}
}

@article{7,
  title = {{{A}} Recognition Method for Cucumber Diseases Using Leaf Symptom Images Based on Deep Convolutional Neural Network},
  author = {Ma, Juncheng and Du, Keming and Zheng, Feixiang and Zhang, Lingxian and Gong, Zhihong and Sun, Zhongfu},
  year = {2018},
  month = nov,
  journal = {Computers and Electronics in Agriculture},
  volume = {154},
  pages = {18--24},
  issn = {01681699}
}

@article{20,
  title = {{{Development}} of Spectral Indices for Detecting and Identifying Plant Diseases},
  author = {Mahlein, A.-K. and Rumpf, T. and Welke, P. and Dehne, H.-W. and Pl{\"u}mer, L. and Steiner, U. and Oerke, E.-C.},
  year = {2013},
  month = jan,
  journal = {Remote Sensing of Environment},
  volume = {128},
  pages = {21--30},
  issn = {00344257},
  copyright = {https://www.elsevier.com/tdm/userlicense/1.0/}
}

@article{4,
  title = {{{一种轻量级CNN农作物病害图像识别模型}}},
  author = {{孟亮} and {郭小燕} and {杜佳举} and {沈航驰} and {胡彬}},
  year = {2021},
  journal = {江苏农业学报},
  volume = {37},
  number = {05},
  pages = {1143--1150},
  issn = {1000-4440}
}

@article{27,
  title = {{{Disease Assessment Concepts}} and the {{Advancements Made}} in {{Improving}} the {{Accuracy}} and {{Precision}} of {{Plant Disease Data}}},
  author = {Nutter, Forrest W. and Esker, Paul D. and Netto, Rosalee A. Coelho},
  year = {2006},
  month = may,
  journal = {European Journal of Plant Pathology},
  volume = {115},
  number = {1},
  pages = {95--103},
  issn = {0929-1873, 1573-8469},
  copyright = {http://www.springer.com/tdm}
}

@article{3,
  title = {基于卷积神经网络的水稻病害图像识别研究},
  author = {{邱靖} and {刘继荣} and {曹志勇} and {李俊杰} and {杨毅}},
  year = {2019},
  journal = {云南农业大学学报(自然科学)},
  volume = {34},
  number = {05},
  pages = {884--888},
  issn = {1004-390X}
}

@article{11,
  title = {{{Attention}} Embedded Residual {{CNN}} for Disease Detection in Tomato Leaves},
  author = {R., Karthik and M., Hariharan and Anand, Sundar and Mathikshara, Priyanka and Johnson, Annie and R., Menaka},
  year = {2020},
  month = jan,
  journal = {Applied Soft Computing},
  volume = {86},
  pages = {105933},
  issn = {15684946}
}

@inproceedings{16,
  title = {{{Plant Disease Detection Using Machine Learning}}},
  booktitle = {2018 {{International Conference}} on {{Design Innovations}} for {{3Cs Compute Communicate Control}} ({{ICDI3C}})},
  author = {Ramesh, Shima and Hebbar, Ramachandra and M., Niveditha and R., Pooja and N., Prasad Bhat and N., Shashank and P.V., Vinod},
  year = {2018},
  month = apr,
  pages = {41--45},
  publisher = {IEEE},
  address = {Bangalore},
  isbn = {978-1-5386-7523-6}
}

@inproceedings{24,
  title = {{{Tomato}} Plant Disease Classification in Digital Images Using Classification Tree},
  booktitle = {2016 {{International Conference}} on {{Communication}} and {{Signal Processing}} ({{ICCSP}})},
  author = {Sabrol, H. and Satish, K.},
  year = {2016},
  month = apr,
  pages = {1242--1246},
  publisher = {IEEE},
  address = {Melmaruvathur, Tamilnadu, India},
  isbn = {978-1-5090-0396-9}
}

@inproceedings{32,
  title = {{{Plant Leaf Disease Detection}} and {{Classification Based}} on {{CNN}} with {{LVQ Algorithm}}},
  booktitle = {2018 3rd {{International Conference}} on {{Computer Science}} and {{Engineering}} ({{UBMK}})},
  author = {Sardogan, Melike and Tuncer, Adem and Ozen, Yunus},
  year = {2018},
  month = sep,
  pages = {382--385},
  publisher = {IEEE},
  address = {Sarajevo},
  isbn = {978-1-5386-7893-0}
}

@article{2,
  title = {深度学习在植物叶部病害检测与识别的研究进展},
  author = {{邵明月} and {张建华} and {冯全} and {柴秀娟} and {张凝} and {张文蓉}},
  year = {2022},
  journal = {智慧农业(中英文)},
  volume = {4},
  number = {01},
  pages = {29--46},
  issn = {2096-8094}
}

@article{15,
  title = {{{Recent}} Advances in Plant Disease Severity Assessment Using Convolutional Neural Networks},
  author = {Shi, Tingting and Liu, Yongmin and Zheng, Xinying and Hu, Kui and Huang, Hao and Liu, Hanlin and Huang, Hongxu},
  year = {2023},
  month = feb,
  journal = {Scientific Reports},
  volume = {13},
  number = {1},
  pages = {2336},
  issn = {2045-2322}
}

@inproceedings{17,
  title = {{{A Review}} on {{Machine Learning Classification Techniques}} for {{Plant Disease Detection}}},
  booktitle = {2019 5th {{International Conference}} on {{Advanced Computing}} \& {{Communication Systems}} ({{ICACCS}})},
  author = {Shruthi, U. and Nagaveni, V. and Raghavendra, B.K.},
  year = {2019},
  month = mar,
  pages = {281--284},
  publisher = {IEEE},
  address = {Coimbatore, India},
  copyright = {https://ieeexplore.ieee.org/Xplorehelp/downloads/license-information/IEEE.html},
  isbn = {978-1-5386-9531-9 978-1-5386-9533-3}
}

@article{6,
  title = {{{A}} Comparative Study of Fine-Tuning Deep Learning Models for Plant Disease Identification},
  author = {Too, Edna Chebet and Yujian, Li and Njuki, Sam and Yingchun, Liu},
  year = {2019},
  month = jun,
  journal = {Computers and Electronics in Agriculture},
  volume = {161},
  pages = {272--279},
  issn = {01681699}
}

@article{21,
  title = {{{Plant Disease Detection Using Generated Leaves Based}} on {{DoubleGAN}}},
  author = {Zhao, Yafeng and Chen, Zhen and Gao, Xuan and Song, Wenlong and Xiong, Qiang and Hu, Junfeng and Zhang, Zhichao},
  year = {2022},
  month = may,
  journal = {IEEE/ACM Transactions on Computational Biology and Bioinformatics},
  volume = {19},
  number = {3},
  pages = {1817--1826},
  issn = {1545-5963, 1557-9964, 2374-0043},
  copyright = {https://ieeexplore.ieee.org/Xplorehelp/downloads/license-information/IEEE.html}
}

@article{1,
  title = {基于深度学习的马铃薯叶片病害检测方法},
  author = {{赵越} and {赵辉} and {姜永成} and {任东悦} and {李阳} and {卫勇}},
  year = {2022},
  journal = {中国农机化学报},
  volume = {43},
  number = {10},
  pages = {183--189},
  issn = {2095-5553}
}
